<?xml version="1.0" encoding="UTF-8"?><record xmlns="http://www.loc.gov/MARC21/slim" xmlns:cinclude="http://apache.org/cocoon/include/1.0" xmlns:zs="http://www.loc.gov/zing/srw/">
  <leader>00778cz  a2200169n  4500</leader>
  <controlfield tag="001">n  85154433 </controlfield>
  <controlfield tag="003">DLC</controlfield>
  <controlfield tag="005">20111013074730.0</controlfield>
  <controlfield tag="008">860116n| acannaabn          |a ana      </controlfield>
  <datafield tag="010" ind1=" " ind2=" ">
    <subfield code="a">n  85154433 </subfield>
  </datafield>
  <datafield tag="035" ind1=" " ind2=" ">
    <subfield code="a">(OCoLC)oca01480424</subfield>
  </datafield>
  <datafield tag="040" ind1=" " ind2=" ">
    <subfield code="a">DLC</subfield>
    <subfield code="b">eng</subfield>
    <subfield code="c">DLC</subfield>
    <subfield code="d">DLC</subfield>
    <subfield code="d">OCoLC</subfield>
    <subfield code="d">DLC-S</subfield>
  </datafield>
  <datafield tag="110" ind1="2" ind2=" ">
    <subfield code="a">Université nationale du Zaïre, Campus de Kinshasa.</subfield>
    <subfield code="b">Faculté de droit</subfield>
  </datafield>
  <datafield tag="410" ind1="2" ind2=" ">
    <subfield code="w">nnaa</subfield>
    <subfield code="a">Université nationale du Zaïre.</subfield>
    <subfield code="b">Campus de Kinshasa.</subfield>
    <subfield code="b">Faculté de droit</subfield>
  </datafield>
  <datafield tag="510" ind1="2" ind2=" ">
    <subfield code="w">b</subfield>
    <subfield code="a">Université de Kinshasa.</subfield>
    <subfield code="b">Faculté de droit</subfield>
  </datafield>
  <datafield tag="670" ind1=" " ind2=" ">
    <subfield code="a">L'Automobile et la securité ... 1982:</subfield>
    <subfield code="b">t.p. (Faculté de droit de l'Université nationale du Zaïre, Campus de Kinshasa)</subfield>
  </datafield>
  <datafield tag="670" ind1=" " ind2=" ">
    <subfield code="a">LC data base, 1-8-86</subfield>
    <subfield code="b">(hdg.: Université nationale du Zaïre. Campus de Kinshasa. Faculté de droit)</subfield>
  </datafield>
</record>